@article{flynn1972some,
  title={Some computer organizations and their effectiveness},
  author={Flynn, Michael J},
  journal={Computers, IEEE Transactions on},
  volume={100},
  number={9},
  pages={948--960},
  year={1972},
  publisher={IEEE}
}